@inproceedings{yao2023cnn,
  title={A cnn-transformer deep learning model for real-time sleep stage classification in an energy-constrained wireless device},
  author={Yao, Zongyan and Liu, Xilin},
  booktitle={2023 11th International IEEE/EMBS Conference on Neural Engineering (NER)},
  pages={1--4},
  year={2023},
  organization={IEEE}
}

