@inproceedings{yao2023cnn,
  title={A cnn-transformer deep learning model for real-time sleep stage classification in an energy-constrained wireless device},
  author={Yao, Zongyan and Liu, Xilin},
  booktitle={2023 11th International IEEE/EMBS Conference on Neural Engineering (NER)},
  pages={1--4},
  year={2023},
  organization={IEEE}
}

@article{liu2021edge,
  title={Edge deep learning for neural implants: a case study of seizure detection and prediction},
  author={Liu, Xilin and Richardson, Andrew G},
  journal={Journal of Neural Engineering},
  volume={18},
  number={4},
  pages={046034},
  year={2021},
  publisher={IOP Publishing}
}

@inproceedings{qi2021accommodating,
  title={Accommodating transformer onto fpga: Coupling the balanced model compression and fpga-implementation optimization},
  author={Qi, Panjie and Song, Yuhong and Peng, Hongwu and Huang, Shaoyi and Zhuge, Qingfeng and Sha, Edwin Hsing-Mean},
  booktitle={Proceedings of the 2021 on Great Lakes Symposium on VLSI},
  pages={163--168},
  year={2021}
}
